<record><leader>00000cas a2200000 i 4500</leader><controlfield tag="001">12962104</controlfield><controlfield tag="008">851231d18511857inuwr ne      0    0eng c</controlfield><datafield ind1=" " ind2=" " tag="010"><subfield code="a">sn 85048293 </subfield></datafield><datafield ind1=" " ind2=" " tag="040"><subfield code="a">NPI</subfield><subfield code="b">eng</subfield><subfield code="e">rda</subfield><subfield code="c">NPI</subfield><subfield code="d">OCLCQ</subfield><subfield code="d">IUL</subfield><subfield code="d">OCLCF</subfield></datafield><datafield ind1=" " ind2=" " tag="042"><subfield code="a">pcc</subfield></datafield><datafield ind1=" " ind2=" " tag="043"><subfield code="a">n-us-in</subfield></datafield><datafield ind1="0" ind2=" " tag="130"><subfield code="a">Cambridge City news (Cambridge City, Ind.)</subfield></datafield><datafield ind1="1" ind2="4" tag="245"><subfield code="a">The Cambridge City news.</subfield></datafield><datafield ind1=" " ind2="1" tag="264"><subfield code="a">Cambridge City, Ind. :</subfield><subfield code="b">William Dailey</subfield></datafield><datafield ind1=" " ind2=" " tag="300"><subfield code="a">volumes :</subfield><subfield code="b">illustrations (chiefly advertisements) ;</subfield><subfield code="c">57 cm</subfield></datafield><datafield ind1=" " ind2=" " tag="310"><subfield code="a">Weekly</subfield></datafield><datafield ind1=" " ind2=" " tag="336"><subfield code="a">text</subfield><subfield code="b">txt</subfield><subfield code="2">rdacontent</subfield></datafield><datafield ind1=" " ind2=" " tag="337"><subfield code="a">unmediated</subfield><subfield code="b">n</subfield><subfield code="2">rdamedia</subfield></datafield><datafield ind1=" " ind2=" " tag="338"><subfield code="a">volume</subfield><subfield code="b">nc</subfield><subfield code="2">rdacarrier</subfield></datafield><datafield ind1="1" ind2=" " tag="362"><subfield code="a">Began in Dec. 1851; ceased in 1857.</subfield></datafield><datafield ind1=" " ind2=" " tag="500"><subfield code="a">Established by: William and Charles Dailey.</subfield></datafield><datafield ind1=" " ind2=" " tag="500"><subfield code="a">Published by: E.B. Ryder, &lt;Oct. 26, 1852-July 6, 1853&gt;; W.R. Cotton, &lt;Apr. 12, 1854&gt;; E.B. Ryder, &lt;Mar. 18, 1857&gt;.</subfield></datafield><datafield ind1=" " ind2=" " tag="500"><subfield code="a">"Pro-Democratic party paper."</subfield></datafield><datafield ind1=" " ind2=" " tag="588"><subfield code="a">Description based on: Vol. 1, no. 5 (January 16, 1852); title from masthead, U.S. Newspaper Archive (viewed May 24, 2017).</subfield></datafield><datafield ind1=" " ind2=" " tag="588"><subfield code="a">Latest issue consulted: Vol. 3, no. 12 (April 12, 1854); U.S. Newspaper Archive (viewed May 24, 2017).</subfield></datafield><datafield ind1=" " ind2="0" tag="651"><subfield code="a">Cambridge City (Ind.)</subfield><subfield code="v">Newspapers.</subfield></datafield><datafield ind1=" " ind2="0" tag="651"><subfield code="a">Wayne County (Ind.)</subfield><subfield code="v">Newspapers.</subfield></datafield><datafield ind1=" " ind2="7" tag="655"><subfield code="a">Newspapers.</subfield><subfield code="2">fast</subfield><subfield code="0">(OCoLC)fst01423814</subfield></datafield><datafield ind1=" " ind2="7" tag="651"><subfield code="a">Indiana</subfield><subfield code="z">Cambridge City.</subfield><subfield code="2">fast</subfield><subfield code="0">(OCoLC)fst01238288</subfield></datafield><datafield ind1=" " ind2="7" tag="651"><subfield code="a">Indiana</subfield><subfield code="z">Wayne County.</subfield><subfield code="2">fast</subfield><subfield code="0">(OCoLC)fst01218729</subfield></datafield><datafield ind1=" " ind2=" " tag="752"><subfield code="a">United States</subfield><subfield code="b">Indiana</subfield><subfield code="c">Wayne</subfield><subfield code="d">Cambridge City.</subfield></datafield><datafield ind1="0" ind2="0" tag="785"><subfield code="t">City news (Cambridge City, Ind.)</subfield><subfield code="w">(DLC)sn 85048294</subfield><subfield code="w">(OCoLC)12962114</subfield></datafield><datafield ind1="4" ind2="1" tag="856"><subfield code="u">https://access.newspaperarchive.com/us/indiana/cambridge-city/cambridge-city-news/</subfield></datafield></record>